@manual{oetiket2007lshort,
    author = {Oetiket, T. and Partl, H. and Hyna and Schlegl, E.},
    title = {The not-so-short introduction to Latex},
    url = {http://www.ctan.org/tex-archive/info/lshort/english/lshort.pdf}
}
 @misc{Definicija,
	author = {{Wikipedia}},
	title = {Sensitivity and specificity --- Wikipedia{,} The Free Encyclopedia},
	year = {2017},
	url = {https://en.wikipedia.org/w/index.php?title=Sensitivity_and_specificity&oldid=786237802},
	note = {Pristupio: 15.05.2017 }
}

 @misc{NCBI,
	author = {{NCBI}},
	title = {Nacional Center for Biotechnology Information},
	year = {2017},
	url = {https://www.ncbi.nlm.nih.gov/},
	note = {Pristupio: 24.06.2017 }
}
 @misc{Database,
	author = {{SQlite Tutorial}},
	title = {SQLite Sample Database},
	year = {2017},
	url = {http://www.sqlitetutorial.net/sqlite-sample-database},
	note = {Pristupio: 24.05.2017 }
}

@Manual{downes2002shortams,
  title = 	 {{Short Math Guide for \LaTeX{}}},
  author = 	 {Downes,, Michael},
  organization = {American Mathematical Society},
  year = 	 {2002},
  url = 	 {ftp://ftp.ams.org/pub/tex/doc/amsmath/short-math-guide.pdf}
}

@Book{ungar2002uvod,
  author = 	 {Šime Ungar},
  title = 	 {{Uvod u \TeX{} s naglaskom na \LaTeX 2$\epsilon$}},
  publisher = 	 {Odjel za matematiku, Sveučilište J.J.\ Strossmayera u Osijeku},
  year = 	 {2002}
}

@article{PhymmBL,
	title = {{Phymm and PhymmBL: metagenomic phylogenetic
	classification with interpolated Markov models}},
	author = {Brady, ,Arthur and Salzberg.S, ,Steven},
	journal = {Nat Methods},
	volume = {6},
	pages = {673 - 676},
	year = {2009}
}
@article{Megan,
	title = {{MEGAN analysis of metagenomic data.}},
	author = {Huson H., ,Daniel and Auch F., ,Alexander and Qi, ,Ji and Schuster.C, ,Stephen},
	journal = {Genome Res},
	volume = {17},
	pages = {377 - 386},
	year = {2007}

}
@article{NBC,
	title = {{NBC: the Naïve Bayes Classification tool webserver for taxonomic classification of metagenomic reads}},
	author = {Rosen L., ,Gail and Reichenberger L., ,Erin and Rosenfeld M., ,Aaron},
	journal = {Bioinformatics 27(1):127 - 129.},
	year = {2011}
	
}
@article{Blast,
	title = {{Basic Local Alignment Search Tool (BLAST)}},
	author = {Lobo, ,Ingrid},
	journal = {Nature Education 1(1):215},
	year = {2008}

}
@article{Kraken,
	title =	 {{Kraken: ultrafast metagenomic sequence
	classification using exact alignments}},
	author = {E. Wood, ,Derrick and L.Salzberg, ,Steven},
	journal = {Genome Biology 15:R46},
	year = {2014}
	
}
@Manual{Bigdatabases,
	title = {{Data Structures and Algorithms for
	Big Databases}},
	author = {A. Bender, , Michael and C. Kuszmaul, ,Bradley},
	organization = {Tokutek},
	url = {https://github.com/tpn/pdfs/blob/master/Tokutek%20-%20Data%20Structures%20and%20Algorithms%20for%20Big%20Databases.pdf}
}
@Article{jellyfish,
	author = {Marçais, ,Guillaume and Kingsford, ,Carl},
	title = {{A fast, lock-free approach for efficient parallel counting of occurances of k-mers}},
	
	journal = {Bioinformatics},
	year = {2011},
	volume = {27},
	number = {6},
	pages = {764 - 770}
}
@thesis{lca1,
	author= {El Moufatich, ,Fayssal},
	title = {{Lowest Common Ancestor(LCA)}},
	publisher = {Technische Universität München \\St.Petersburg},
	year = {2008}
}
@Article{lca2,
	author = {A. Bender, ,Michael and Farach-Colton, ,Martín and Pemmasani, ,Giridhar and Skiena, ,Steven and Sumazin, ,Pavel},
	title = {Lowest Common Ancestor in Trees and Directed Acyclic Graphs},
	journal = {Journal of Algorithms},
	year = {2005},
	volume = {57},
	number = {2},
	pages = {75 - 94}
}
@Article{lca3,
	author = {Aho, , A. V. and Hopcroft, , J. E. and Ullman, ,J.D.},
	title = {On finding lowest common ancestors in trees},
	journal = {STOC '73 Proceedings of the fifth annual ACM symposium on Theory of computing},
	year = {1973},
	pages = {253 - 265}
}
@Article{minim,
	author = {Roberts, ,Michael and Hayes, ,Wayne and R.Hunt, ,Brian and M.Mount, ,Stephen and A.Yorke, ,James},
	title = {Reducing storage requirements for biological sequence comparison},
	journal = {Bioinformatics},
	year= {2004},
	volume = {20},
	number = {18},
	pages = {3363 - 3369}
}